@article{sample1,
  author    = {A. Author and B. Author and C. Author},
  title     = {Title of the article},
  journal   = {Journal Name},
  volume    = {10},
  number    = {3},
  pages     = {123--130},
  year      = {2024},
  month     = {mar}
}

@inproceedings{sample2,
  author    = {D. Author and E. Author},
  title     = {Title of the paper},
  booktitle = {Proceedings of the Conference Name},
  year      = {2024},
  pages     = {456--460},
  address   = {Location}
}

@book{sample3,
  author    = {F. Author and G. Author},
  title     = {Title of the Book},
  edition   = {2},
  publisher = {Publisher},
  year      = {2024},
  address   = {City, Country}
}

@misc{sample4,
  author       = {H. Author},
  title        = {Title of the webpage},
  howpublished = {Website Name, Date. [Online]. Available: \url{https://www.example.com}},
  note         = {Accessed: Dec. 2, 2024}
}
